@article{berzak2025onestop,
  title={Onestop: A 360-participant english eye-tracking dataset with different reading regimes},
  author={Berzak, Yevgeni and Malmaud, Jonathan and Shubi, Omer and Meiri, Yoav and Lion, Ella and Levy, Roger},
  journal={PsyArXiv preprint},
  year={2025}
}

@article{berzak2020starc,
  title={STARC: Structured annotations for reading comprehension},
  author={Berzak, Yevgeni and Malmaud, Jonathan and Levy, Roger},
  journal={arXiv preprint arXiv:2004.14797},
  year={2020}
}


@article{lindner2014tracking,
  title={Tracking the decision-making process in multiple-choice assessment: Evidence from eye movements},
  author={Lindner, Marlit Annalena and Eitel, Alexander and Thoma, Gun-Brit and Dalehefte, Inger Marie and Ihme, Jan Marten and K{\"o}ller, Olaf},
  journal={Applied Cognitive Psychology},
  volume={28},
  number={5},
  pages={738--752},
  year={2014},
  publisher={Wiley Online Library}
}

@article{tsai2012visual,
  title={Visual attention for solving multiple-choice science problem: An eye-tracking analysis},
  author={Tsai, Meng-Jung and Hou, Huei-Tse and Lai, Meng-Lung and Liu, Wan-Yi and Yang, Fang-Ying},
  journal={Computers \& Education},
  volume={58},
  number={1},
  pages={375--385},
  year={2012},
  publisher={Elsevier}
}

@article{bakeman1995log,
  title={Log-linear approaches to lag-sequential analysis when consecutive codes may and cannot repeat.},
  author={Bakeman, Roger and Quera, Vicen{\c{c}}},
  journal={Psychological Bulletin},
  volume={118},
  number={2},
  pages={272},
  year={1995},
  publisher={American Psychological Association}
}